<?xml version="1.0" encoding="UTF-8"?><record xmlns="http://www.loc.gov/MARC21/slim" xmlns:cinclude="http://apache.org/cocoon/include/1.0" xmlns:zs="http://www.loc.gov/zing/srw/">
  <leader>00492cz  a2200145n  4500</leader>
  <controlfield tag="001">n  86083868 </controlfield>
  <controlfield tag="003">DLC</controlfield>
  <controlfield tag="005">20141209091144.0</controlfield>
  <controlfield tag="008">870921n| azannaab           |n aaa     b</controlfield>
  <datafield tag="010" ind1=" " ind2=" ">
    <subfield code="a">n  86083868 </subfield>
  </datafield>
  <datafield tag="040" ind1=" " ind2=" ">
    <subfield code="a">DNLM</subfield>
    <subfield code="b">eng</subfield>
    <subfield code="e">rda</subfield>
    <subfield code="c">DLC</subfield>
    <subfield code="d">DLC</subfield>
  </datafield>
  <datafield tag="046" ind1=" " ind2=" ">
    <subfield code="f">1943</subfield>
  </datafield>
  <datafield tag="100" ind1="1" ind2=" ">
    <subfield code="a">Jacobs, Philip,</subfield>
    <subfield code="d">1943-</subfield>
  </datafield>
  <datafield tag="670" ind1=" " ind2=" ">
    <subfield code="a">His The economics of health and medical care, 1987:</subfield>
    <subfield code="b">t.p. (Philip Jacobs, Ph.D., Univ. of Mass. at Amherst)</subfield>
  </datafield>
  <datafield tag="670" ind1=" " ind2=" ">
    <subfield code="a">Phone call to Univ. of Mass., Amherst, 6/10/87</subfield>
    <subfield code="b">(Philip Jacobs; b. 1943)</subfield>
  </datafield>
</record>